@Article{unet,
  author        = "Olaf Ronneberger, Philipp Fischer, Thomas Brox",
  title         = "U-net: Convolutional Networks for Biomedical Image Segmentation.",
  journal       = "",
  volume        = "",
  number        = "1",
  month         = "",
  year          = "2015",
  pages         = "",
  doi           = "",
  url           = "https://doi.org/10.1007/978-3-319-24574-4_28",
  note          = "",
}

@Article{deep-compression,
  author        = "Song Han, Huizi Mao, William J. Dally",
  title         = "Deep Compression: Compressing Deep Neural Networks with Pruning, Trained Quantization and Huffman Coding",
  journal       = "",
  volume        = "",
  number        = "2",
  month         = "",
  year          = "2016",
  pages         = "",
  doi           = "",
  url           = "",
  note          = "",
}

@Article{batch-normalization,
  author        = "Sergey Ioffe, Christian Szegedy",
  title         = "Batch Normalization: Accelerating Deep Network Training by Reducing Internal Covariate Shift",
  journal       = "",
  volume        = "",
  number        = "3",
  month         = "",
  year          = "2015",
  pages         = "",
  doi           = "",
  url           = "",
  note          = "",
}

@Article{mobilenets,
  author        = "Andrew G. Howard, Menglong Zhu, Bo Chen, Dmitry Kalenichenko, Weijun Wang, Tobias Weyand, Marco Andreetto, Hartwig Adam",
  title         = "MobileNets: Efficient Convolutional Neural Networks for Mobile Vision Applications",
  journal       = "",
  volume        = "",
  number        = "4",
  month         = "",
  year          = "2017",
  pages         = "",
  doi           = "",
  url           = "",
  note          = "",
}

@Article{improved-unet,
  author        = "Karttikeya Mangalam, Mathieu Salzamann",
  title         = "On Compressing U-net Using Knowledge Distillation",
  journal       = "",
  volume        = "",
  number        = "5",
  month         = "",
  year          = "2018",
  pages         = "",
  doi           = "",
  url           = "",
  note          = "",
}
@Article{disharmony,
  author        = "Xiang Li, Shuo Chen, Xiaolin Hu, Jian Yang.",
  title         = "Understanding the Disharmony between Dropout and Batch Normalization by Variance Shift",
  journal       = "",
  volume        = "",
  number        = "6",
  month         = "",
  year          = "2018",
  pages         = "",
  doi           = "",
  url           = "",
  note          = "",
}
@Article{dropout,
  author        = "Nitish Srivastava, Geoffrey Hinton, Alex Krizhevsky, Ilya Sutskever, Ruslan Salakhutdinov.",
  title         = "Dropout: A Simple Way to Prevent Neural Networks from Overfitting",
  journal       = "",
  volume        = "",
  number        = "7",
  month         = "",
  year          = "2014",
  pages         = "",
  doi           = "",
  url           = "",
  note          = "",
}
@Article{data-augmentation,
  author        = "Luis Perez, Jason Wang",
  title         = "The Effectiveness of Data Augmentation in Image Classification using Deep Learning",
  journal       = "",
  volume        = "",
  number        = "8",
  month         = "",
  year          = "2017",
  pages         = "",
  doi           = "",
  url           = "",
  note          = "",
}
@Article{channel-pruning,
  author        = "Yihui He, Xiangyu Zhang, Jian Sun.",
  title         = "Channel Pruning for Accelerating Very Deep Neural Networks",
  journal       = "",
  volume        = "",
  number        = "9",
  month         = "",
  year          = "2017",
  pages         = "",
  doi           = "",
  url           = "",
  note          = "",
}
@Article{hcp,
  author        = "David C. Van Essen, Stephen M. Smith, Deanna M. Barch, Timothy E.J. Behrens, Essa Yacoub, Kamil Ugurbil.",
  title         = "The WU-Minn Human Connectome Project: An overview",
  journal       = "",
  volume        = "",
  number        = "10",
  month         = "",
  year          = "2013",
  pages         = "",
  doi           = "",
  url           = "",
  note          = "",
}
@Article{sorteo,
  author        = "Reilhac A, Batan G, Michel C, et al.",
  title         = "PET-SORTEO: Validation and development of database of simulated PET volumes",
  journal       = "",
  volume        = "",
  number        = "11",
  month         = "",
  year          = "2005",
  pages         = "",
  doi           = "",
  url           = "",
  note          = "",
}
@Article{bids,
  author        = "KJ Gorgolewski et al.",
  title         = "The brain imaging data structure, a format for organizing and describing outputs of neuroimaging experiments",
  journal       = "",
  volume        = "",
  number        = "12",
  month         = "",
  year          = "2015",
  pages         = "",
  doi           = "",
  url           = "",
  note          = "",
}
@Article{pocketflow,
  author        = "Jiaxiang Wu, Yao Zhang, Jinlong Hou, Wei Liu, Wenbing Huang",
  title         = "PocketFlow: An Automated Framework for Compressing and Accelerating Deep Neural Networks",
  journal       = "",
  volume        = "",
  number        = "13",
  month         = "",
  year          = "2018",
  pages         = "",
  doi           = "",
  url           = "",
  note          = "",
}
@Article{optimal-brain-damage,
  author        = "Yann LeCun, John S. Denker, Sara A. Solla",
  title         = "Optimal Brain Damage",
  journal       = "",
  volume        = "",
  number        = "15",
  month         = "",
  year          = "1989",
  pages         = "",
  doi           = "",
  url           = "",
  note          = "",
}
@Article{pruning-filters,
  author        = "H. Li, A. Kadav, I. Durdanovic, H. Samet, and H. P. Graf",
  title         = "Pruning filters for efficient convnets",
  journal       = "",
  volume        = "",
  number        = "16",
  month         = "",
  year          = "2017",
  pages         = "",
  doi           = "",
  url           = "",
  note          = "",
}
@Article{dis-channle-pruning,
  author        = "Zhuangwei Zhuang, Mingkui Tan, Bohan Zhuang, Jing Liu, Jiezhang Cao, Qingyao Wu, Jun-zhou Huang, and Jinhui Zhu",
  title         = "Discrimination-aware channel pruning for deep neural networks",
  journal       = "",
  volume        = "",
  number        = "17",
  month         = "",
  year          = "2018",
  pages         = "",
  doi           = "",
  url           = "",
  note          = "",
}
@Article{really-need-to-be-deep,
  author        = "Lei Jimmy Ba, Rich Caruana",
  title         = "Do Deep Nets Really Need to be Deep?",
  journal       = "",
  volume        = "",
  number        = "18",
  month         = "",
  year          = "2014",
  pages         = "",
  doi           = "",
  url           = "",
  note          = "",
}
@Article{less-is-more,
  author        = "Hao Zhou, Jose M. Alvarez, Fatih Porikli",
  title         = "Less Is More: Towards Compact CNNs",
  journal       = "",
  volume        = "",
  number        = "19",
  month         = "",
  year          = "2016",
  pages         = "",
  doi           = "",
  url           = "",
  note          = "",
}

@Article{accelerating-deep-cnn,
  author        = "Xiangyu Zhang, Jianhua Zou, Kaiming He, Jian Sun",
  title         = "Accelerating very deep convolutional networks for classification and detection",
  journal       = "",
  volume        = "",
  number        = "20",
  month         = "",
  year          = "2016",
  pages         = "",
  doi           = "",
  url           = "",
  note          = "",
}

@Article{survey-of-compression,
  author        = "Yu Cheng, Duo Wang, Pan Zhou, Tao Zhang",
  title         = "A Survey of Model Compression and Acceleration for Deep Neural Networks",
  journal       = "",
  volume        = "",
  number        = "21",
  month         = "",
  year          = "2017",
  pages         = "",
  doi           = "",
  url           = "",
  note          = "",
}

@Article{fcl4seg,
  author        = "Long, J., Shelhamer, E., Darrell, T.",
  title         = "Fully convolutional networks for semantic segmentation",
  journal       = "",
  volume        = "",
  number        = "22",
  month         = "",
  year          = "2015",
  pages         = "",
  doi           = "",
  url           = "",
  note          = "",
}

@Article{resnet,
  author        = "He, K., Zhang, X., Ren, S., Sun, J.",
  title         = "Deep residual learning for image recognition",
  journal       = "",
  volume        = "",
  number        = "23",
  month         = "",
  year          = "2016",
  pages         = "",
  doi           = "",
  url           = "",
  note          = "",
}